<record><leader>00000cas a2200000 a 4500</leader><controlfield tag="001">21575504</controlfield><controlfield tag="008">900522d19901990wauwr ne      0    0eng d</controlfield><datafield ind1=" " ind2=" " tag="010"><subfield code="a">sn 90099753 </subfield></datafield><datafield ind1=" " ind2=" " tag="040"><subfield code="a">SLZ</subfield><subfield code="b">eng</subfield><subfield code="c">SLZ</subfield><subfield code="d">OCL</subfield><subfield code="d">OCLCQ</subfield><subfield code="d">OCLCF</subfield><subfield code="d">OCLCO</subfield></datafield><datafield ind1="1" ind2=" " tag="029"><subfield code="a">AU@</subfield><subfield code="b">000025884710</subfield></datafield><datafield ind1=" " ind2=" " tag="042"><subfield code="a">msc</subfield></datafield><datafield ind1=" " ind2=" " tag="043"><subfield code="a">n-us-wa</subfield></datafield><datafield ind1="0" ind2="0" tag="245"><subfield code="a">Suburban newsChoice.</subfield></datafield><datafield ind1="3" ind2="0" tag="246"><subfield code="a">Suburban news choice</subfield></datafield><datafield ind1="3" ind2="0" tag="246"><subfield code="a">NewsChoice</subfield></datafield><datafield ind1=" " ind2=" " tag="260"><subfield code="a">Tacoma, Wash. :</subfield><subfield code="b">Ranger Pub. Co.</subfield></datafield><datafield ind1=" " ind2=" " tag="300"><subfield code="a">v.</subfield></datafield><datafield ind1=" " ind2=" " tag="310"><subfield code="a">Weekly</subfield></datafield><datafield ind1="0" ind2=" " tag="362"><subfield code="a">Vol. 1, no. 1 (Feb. 15, 1990)-</subfield></datafield><datafield ind1="1" ind2=" " tag="362"><subfield code="a">Ceased 1990.</subfield></datafield><datafield ind1=" " ind2="0" tag="651"><subfield code="a">Tacoma (Wash.)</subfield><subfield code="v">Newspapers.</subfield></datafield><datafield ind1=" " ind2="0" tag="651"><subfield code="a">Lakewood (Pierce County, Wash.)</subfield><subfield code="v">Newspapers.</subfield></datafield><datafield ind1=" " ind2="0" tag="651"><subfield code="a">Steilacoom (Wash.)</subfield><subfield code="v">Newspapers.</subfield></datafield><datafield ind1=" " ind2="0" tag="651"><subfield code="a">University Place (Wash.)</subfield><subfield code="v">Newspapers.</subfield></datafield><datafield ind1=" " ind2="0" tag="651"><subfield code="a">Fircrest (Wash.)</subfield><subfield code="v">Newspapers.</subfield></datafield><datafield ind1=" " ind2="7" tag="655"><subfield code="a">Newspapers.</subfield><subfield code="2">fast</subfield><subfield code="0">(OCoLC)fst01423814</subfield></datafield><datafield ind1=" " ind2="7" tag="651"><subfield code="a">Washington (State)</subfield><subfield code="z">Fircrest.</subfield><subfield code="2">fast</subfield><subfield code="0">(OCoLC)fst01223584</subfield></datafield><datafield ind1=" " ind2="7" tag="651"><subfield code="a">Washington (State)</subfield><subfield code="z">Lakewood (Pierce County)</subfield><subfield code="2">fast</subfield><subfield code="0">(OCoLC)fst01322004</subfield></datafield><datafield ind1=" " ind2="7" tag="651"><subfield code="a">Washington (State)</subfield><subfield code="z">Steilacoom.</subfield><subfield code="2">fast</subfield><subfield code="0">(OCoLC)fst01230620</subfield></datafield><datafield ind1=" " ind2="7" tag="651"><subfield code="a">Washington (State)</subfield><subfield code="z">Tacoma.</subfield><subfield code="2">fast</subfield><subfield code="0">(OCoLC)fst01205636</subfield></datafield><datafield ind1=" " ind2="7" tag="651"><subfield code="a">Washington (State)</subfield><subfield code="z">University Place.</subfield><subfield code="2">fast</subfield><subfield code="0">(OCoLC)fst01308664</subfield></datafield><datafield ind1=" " ind2=" " tag="752"><subfield code="a">United States</subfield><subfield code="b">Washington</subfield><subfield code="c">Pierce</subfield><subfield code="d">Tacoma.</subfield></datafield><datafield ind1=" " ind2=" " tag="752"><subfield code="a">United States</subfield><subfield code="b">Washington</subfield><subfield code="c">Pierce</subfield><subfield code="d">Lakewood.</subfield></datafield><datafield ind1=" " ind2=" " tag="752"><subfield code="a">United States</subfield><subfield code="b">Washington</subfield><subfield code="c">Pierce</subfield><subfield code="d">Steilacoom.</subfield></datafield><datafield ind1=" " ind2=" " tag="752"><subfield code="a">United States</subfield><subfield code="b">Washington</subfield><subfield code="c">Pierce</subfield><subfield code="d">University Place.</subfield></datafield><datafield ind1=" " ind2=" " tag="752"><subfield code="a">United States</subfield><subfield code="b">Washington</subfield><subfield code="c">Pierce</subfield><subfield code="d">Fircrest.</subfield></datafield></record>